<?xml version="1.0" encoding="UTF-8"?><collection xmlns="http://www.loc.gov/MARC21/slim"><record><leader>00546nam--2200181-i-4500</leader><controlfield tag="001">000005231</controlfield><controlfield tag="002">20161230</controlfield><controlfield tag="005">20170209230844</controlfield><controlfield tag="008">060222s1000------------r-----000-0-eng-d</controlfield><datafield ind1=" " ind2=" " tag="040"><subfield code="a">IFIN-HH</subfield></datafield><datafield ind1=" " ind2=" " tag="080"><subfield code="a">519.217</subfield></datafield><datafield ind1="1" ind2=" " tag="100"><subfield code="a">Bharucha-Reid, A. T</subfield></datafield><datafield ind1="1" ind2="0" tag="245"><subfield code="a">Elements of the theory markov processes and their applications</subfield><subfield code="c">A.T.Bharucha-Reid</subfield></datafield><datafield ind1=" " ind2=" " tag="260"><subfield code="a">New York</subfield><subfield code="b">Mcgraw-hill Book Co,Inc</subfield><subfield code="c">1960</subfield></datafield><datafield ind1=" " ind2=" " tag="300"><subfield code="a">XI + 468 p</subfield></datafield><datafield ind1=" " ind2=" " tag="490"><subfield code="a">Mcgraw-hill Series In Probability And Statistics</subfield></datafield><datafield ind1=" " ind2=" " tag="852"><subfield code="a">11500</subfield><subfield code="c">519.2</subfield></datafield><datafield ind1=" " ind2=" " tag="CAT"><subfield code="a">SYS</subfield><subfield code="c">20170209</subfield><subfield code="h">230844</subfield></datafield></record></collection>